@article{StevensDolanGreenberg1994,
  doi = {10.1073/pnas.91.26.12619},
  url = {https://doi.org/10.1073/pnas.91.26.12619},
  year = {1994},
  month = dec,
  publisher = {Proceedings of the National Academy of Sciences},
  volume = {91},
  number = {26},
  pages = {12619--12623},
  author = {A. M. Stevens and K. M. Dolan and E. P. Greenberg},
  title = {Synergistic binding of the {V}ibrio fischeri {LuxR} transcriptional activator domain and {RNA} polymerase to the lux promoter region.},
  journal = {Proceedings of the National Academy of Sciences}
}

@article{EglandGreenberg1999,
  doi = {10.1046/j.1365-2958.1999.01261.x},
  url = {https://doi.org/10.1046/j.1365-2958.1999.01261.x},
  year = {1999},
  month = feb,
  publisher = {Wiley},
  volume = {31},
  number = {4},
  pages = {1197--1204},
  author = {Kristi A. Egland and E. P. Greenberg},
  title = {Quorum sensing in {V}ibrio fischeri: elements of the {luxI} promoter},
  journal = {Molecular Microbiology}
}

@article{SchellBrownRaju1990,
author = {Schell, M A and Brown, P H and Raju, S}, 
title = {Use of saturation mutagenesis to localize probable functional domains in the NahR protein, a LysR-type transcription activator.},
volume = {265}, 
number = {7}, 
pages = {3844-50}, 
year = {1990}, 
URL = {http://www.jbc.org/content/265/7/3844.abstract}, 
eprint = {http://www.jbc.org/content/265/7/3844.full.pdf+html}, 
journal = {Journal of Biological Chemistry} 
}

@article{ParkLimShin2005,
  doi = {10.1016/j.bbagen.2005.05.015},
  url = {https://doi.org/10.1016/j.bbagen.2005.05.015},
  year = {2005},
  month = sep,
  publisher = {Elsevier {BV}},
  volume = {1725},
  number = {2},
  pages = {247--255},
  author = {Hoo Hwi Park and Woon Ki Lim and Hae Ja Shin},
  title = {In vitro binding of purified {NahR} regulatory protein with promoter Psal},
  journal = {Biochimica et Biophysica Acta ({BBA}) - General Subjects}
}

@article{HuangSchell1991,
author = {Huang, J Z and Schell, M A}, 
title = {In vivo interactions of the NahR transcriptional activator with its target sequences. Inducer-mediated changes resulting in transcription activation.},
volume = {266}, 
number = {17}, 
pages = {10830-10838}, 
year = {1991}, 
URL = {http://www.jbc.org/content/266/17/10830.abstract}, 
eprint = {http://www.jbc.org/content/266/17/10830.full.pdf+html}, 
journal = {Journal of Biological Chemistry} 
}

@manual{Peking2013,
author = {Peking iGEM 2013 team},
title = {Biosensors: NahR},
year = {2013},
note = {\url{http://2013.igem.org/Team:Peking/Project/BioSensors/NahR}},
}

@article{SchellWender1986,
  doi = {10.1128/jb.166.1.9-14.1986},
  url = {https://doi.org/10.1128/jb.166.1.9-14.1986},
  year = {1986},
  publisher = {American Society for Microbiology},
  volume = {166},
  number = {1},
  pages = {9--14},
  author = {M A Schell and P E Wender},
  title = {Identification of the {nahR} gene product and nucleotide sequences required for its activation of the sal operon.},
  journal = {Journal of Bacteriology}
}
